%YAML 1.1
%TAG !u! tag:unity3d.com,2011:
--- !u!29 &1
SceneSettings:
  m_ObjectHideFlags: 0
  m_PVSData: 
  m_PVSObjectsArray: []
  m_PVSPortalsArray: []
  m_OcclusionBakeSettings:
    smallestOccluder: 5
    smallestHole: 0.25
    backfaceThreshold: 100
--- !u!104 &2
RenderSettings:
  m_ObjectHideFlags: 0
  serializedVersion: 6
  m_Fog: 0
  m_FogColor: {r: 0.5, g: 0.5, b: 0.5, a: 1}
  m_FogMode: 3
  m_FogDensity: 0.01
  m_LinearFogStart: 0
  m_LinearFogEnd: 300
  m_AmbientSkyColor: {r: 0.212, g: 0.227, b: 0.259, a: 1}
  m_AmbientEquatorColor: {r: 0.114, g: 0.125, b: 0.133, a: 1}
  m_AmbientGroundColor: {r: 0.047, g: 0.043, b: 0.035, a: 1}
  m_AmbientIntensity: 1
  m_AmbientMode: 0
  m_SkyboxMaterial: {fileID: 10304, guid: 0000000000000000f000000000000000, type: 0}
  m_HaloStrength: 0.5
  m_FlareStrength: 1
  m_FlareFadeSpeed: 3
  m_HaloTexture: {fileID: 0}
  m_SpotCookie: {fileID: 10001, guid: 0000000000000000e000000000000000, type: 0}
  m_DefaultReflectionMode: 0
  m_DefaultReflectionResolution: 128
  m_ReflectionBounces: 1
  m_ReflectionIntensity: 1
  m_CustomReflection: {fileID: 0}
  m_Sun: {fileID: 74336523}
--- !u!157 &3
LightmapSettings:
  m_ObjectHideFlags: 0
  serializedVersion: 6
  m_GIWorkflowMode: 0
  m_LightmapsMode: 1
  m_GISettings:
    serializedVersion: 2
    m_BounceScale: 1
    m_IndirectOutputScale: 1
    m_AlbedoBoost: 1
    m_TemporalCoherenceThreshold: 1
    m_EnvironmentLightingMode: 0
    m_EnableBakedLightmaps: 1
    m_EnableRealtimeLightmaps: 1
  m_LightmapEditorSettings:
    serializedVersion: 3
    m_Resolution: 2
    m_BakeResolution: 40
    m_TextureWidth: 1024
    m_TextureHeight: 1024
    m_AOMaxDistance: 1
    m_Padding: 2
    m_CompAOExponent: 0
    m_LightmapParameters: {fileID: 0}
    m_TextureCompression: 1
    m_FinalGather: 0
    m_FinalGatherRayCount: 1024
    m_ReflectionCompression: 2
  m_LightingDataAsset: {fileID: 0}
  m_RuntimeCPUUsage: 25
--- !u!196 &4
NavMeshSettings:
  serializedVersion: 2
  m_ObjectHideFlags: 0
  m_BuildSettings:
    serializedVersion: 2
    agentRadius: 0.5
    agentHeight: 2
    agentSlope: 45
    agentClimb: 0.4
    ledgeDropHeight: 0
    maxJumpAcrossDistance: 0
    accuratePlacement: 0
    minRegionArea: 2
    cellSize: 0.16666667
    manualCellSize: 0
  m_NavMeshData: {fileID: 0}
--- !u!1 &14841835
GameObject:
  m_ObjectHideFlags: 0
  m_PrefabParentObject: {fileID: 0}
  m_PrefabInternal: {fileID: 0}
  serializedVersion: 4
  m_Component:
  - 4: {fileID: 14841838}
  - 114: {fileID: 14841837}
  - 114: {fileID: 14841836}
  m_Layer: 0
  m_Name: EventSystem
  m_TagString: Untagged
  m_Icon: {fileID: 0}
  m_NavMeshLayer: 0
  m_StaticEditorFlags: 0
  m_IsActive: 1
--- !u!114 &14841836
MonoBehaviour:
  m_ObjectHideFlags: 0
  m_PrefabParentObject: {fileID: 0}
  m_PrefabInternal: {fileID: 0}
  m_GameObject: {fileID: 14841835}
  m_Enabled: 1
  m_EditorHideFlags: 0
  m_Script: {fileID: 1077351063, guid: f5f67c52d1564df4a8936ccd202a3bd8, type: 3}
  m_Name: 
  m_EditorClassIdentifier: 
  m_HorizontalAxis: Horizontal
  m_VerticalAxis: Vertical
  m_SubmitButton: Submit
  m_CancelButton: Cancel
  m_InputActionsPerSecond: 10
  m_RepeatDelay: 0.5
  m_ForceModuleActive: 0
--- !u!114 &14841837
MonoBehaviour:
  m_ObjectHideFlags: 0
  m_PrefabParentObject: {fileID: 0}
  m_PrefabInternal: {fileID: 0}
  m_GameObject: {fileID: 14841835}
  m_Enabled: 1
  m_EditorHideFlags: 0
  m_Script: {fileID: -619905303, guid: f5f67c52d1564df4a8936ccd202a3bd8, type: 3}
  m_Name: 
  m_EditorClassIdentifier: 
  m_FirstSelected: {fileID: 0}
  m_sendNavigationEvents: 1
  m_DragThreshold: 5
--- !u!4 &14841838
Transform:
  m_ObjectHideFlags: 0
  m_PrefabParentObject: {fileID: 0}
  m_PrefabInternal: {fileID: 0}
  m_GameObject: {fileID: 14841835}
  m_LocalRotation: {x: 0, y: 0, z: 0, w: 1}
  m_LocalPosition: {x: 0, y: 0, z: 0}
  m_LocalScale: {x: 1, y: 1, z: 1}
  m_LocalEulerAnglesHint: {x: 0, y: 0, z: 0}
  m_Children: []
  m_Father: {fileID: 0}
  m_RootOrder: 2
--- !u!1 &74336522
GameObject:
  m_ObjectHideFlags: 0
  m_PrefabParentObject: {fileID: 0}
  m_PrefabInternal: {fileID: 0}
  serializedVersion: 4
  m_Component:
  - 4: {fileID: 74336524}
  - 108: {fileID: 74336523}
  m_Layer: 0
  m_Name: Directional Light
  m_TagString: Untagged
  m_Icon: {fileID: 0}
  m_NavMeshLayer: 0
  m_StaticEditorFlags: 0
  m_IsActive: 1
--- !u!108 &74336523
Light:
  m_ObjectHideFlags: 0
  m_PrefabParentObject: {fileID: 0}
  m_PrefabInternal: {fileID: 0}
  m_GameObject: {fileID: 74336522}
  m_Enabled: 0
  serializedVersion: 6
  m_Type: 1
  m_Color: {r: 1, g: 0.95686275, b: 0.8392157, a: 1}
  m_Intensity: 1
  m_Range: 10
  m_SpotAngle: 30
  m_CookieSize: 10
  m_Shadows:
    m_Type: 2
    m_Resolution: -1
    m_Strength: 1
    m_Bias: 0.05
    m_NormalBias: 0.4
    m_NearPlane: 0.2
  m_Cookie: {fileID: 0}
  m_DrawHalo: 0
  m_Flare: {fileID: 0}
  m_RenderMode: 0
  m_CullingMask:
    serializedVersion: 2
    m_Bits: 4294967295
  m_Lightmapping: 4
  m_BounceIntensity: 1
  m_ShadowRadius: 0
  m_ShadowAngle: 0
  m_AreaSize: {x: 1, y: 1}
--- !u!4 &74336524
Transform:
  m_ObjectHideFlags: 0
  m_PrefabParentObject: {fileID: 0}
  m_PrefabInternal: {fileID: 0}
  m_GameObject: {fileID: 74336522}
  m_LocalRotation: {x: -0.7031493, y: -0.57460225, z: 0.41799507, w: 0.026332594}
  m_LocalPosition: {x: 0, y: 3, z: 0}
  m_LocalScale: {x: 1, y: 1, z: 1}
  m_LocalEulerAnglesHint: {x: 0, y: 0, z: 0}
  m_Children: []
  m_Father: {fileID: 0}
  m_RootOrder: 3
--- !u!1001 &149155261
Prefab:
  m_ObjectHideFlags: 0
  serializedVersion: 2
  m_Modification:
    m_TransformParent: {fileID: 0}
    m_Modifications:
    - target: {fileID: 482402, guid: 16961406073faf347ad7b0264fc76198, type: 2}
      propertyPath: m_LocalPosition.x
      value: 0
      objectReference: {fileID: 0}
    - target: {fileID: 482402, guid: 16961406073faf347ad7b0264fc76198, type: 2}
      propertyPath: m_LocalPosition.y
      value: 0
      objectReference: {fileID: 0}
    - target: {fileID: 482402, guid: 16961406073faf347ad7b0264fc76198, type: 2}
      propertyPath: m_LocalPosition.z
      value: 0
      objectReference: {fileID: 0}
    - target: {fileID: 482402, guid: 16961406073faf347ad7b0264fc76198, type: 2}
      propertyPath: m_LocalRotation.x
      value: 0
      objectReference: {fileID: 0}
    - target: {fileID: 482402, guid: 16961406073faf347ad7b0264fc76198, type: 2}
      propertyPath: m_LocalRotation.y
      value: 0
      objectReference: {fileID: 0}
    - target: {fileID: 482402, guid: 16961406073faf347ad7b0264fc76198, type: 2}
      propertyPath: m_LocalRotation.z
      value: 0
      objectReference: {fileID: 0}
    - target: {fileID: 482402, guid: 16961406073faf347ad7b0264fc76198, type: 2}
      propertyPath: m_LocalRotation.w
      value: 1
      objectReference: {fileID: 0}
    - target: {fileID: 482402, guid: 16961406073faf347ad7b0264fc76198, type: 2}
      propertyPath: m_RootOrder
      value: 10
      objectReference: {fileID: 0}
    - target: {fileID: 111748, guid: 16961406073faf347ad7b0264fc76198, type: 2}
      propertyPath: m_IsActive
      value: 0
      objectReference: {fileID: 0}
    m_RemovedComponents: []
  m_ParentPrefab: {fileID: 100100000, guid: 16961406073faf347ad7b0264fc76198, type: 2}
  m_IsPrefabParent: 0
--- !u!1 &149155262 stripped
GameObject:
  m_PrefabParentObject: {fileID: 111748, guid: 16961406073faf347ad7b0264fc76198, type: 2}
  m_PrefabInternal: {fileID: 149155261}
--- !u!1001 &224223418
Prefab:
  m_ObjectHideFlags: 0
  serializedVersion: 2
  m_Modification:
    m_TransformParent: {fileID: 0}
    m_Modifications:
    - target: {fileID: 22431228, guid: bbb579a132042c246a5faee0661a5e13, type: 2}
      propertyPath: m_LocalPosition.x
      value: 0
      objectReference: {fileID: 0}
    - target: {fileID: 22431228, guid: bbb579a132042c246a5faee0661a5e13, type: 2}
      propertyPath: m_LocalPosition.y
      value: 0
      objectReference: {fileID: 0}
    - target: {fileID: 22431228, guid: bbb579a132042c246a5faee0661a5e13, type: 2}
      propertyPath: m_LocalPosition.z
      value: 0
      objectReference: {fileID: 0}
    - target: {fileID: 22431228, guid: bbb579a132042c246a5faee0661a5e13, type: 2}
      propertyPath: m_LocalRotation.x
      value: 0
      objectReference: {fileID: 0}
    - target: {fileID: 22431228, guid: bbb579a132042c246a5faee0661a5e13, type: 2}
      propertyPath: m_LocalRotation.y
      value: 0
      objectReference: {fileID: 0}
    - target: {fileID: 22431228, guid: bbb579a132042c246a5faee0661a5e13, type: 2}
      propertyPath: m_LocalRotation.z
      value: 0
      objectReference: {fileID: 0}
    - target: {fileID: 22431228, guid: bbb579a132042c246a5faee0661a5e13, type: 2}
      propertyPath: m_LocalRotation.w
      value: 1
      objectReference: {fileID: 0}
    - target: {fileID: 22431228, guid: bbb579a132042c246a5faee0661a5e13, type: 2}
      propertyPath: m_RootOrder
      value: 0
      objectReference: {fileID: 0}
    - target: {fileID: 22431228, guid: bbb579a132042c246a5faee0661a5e13, type: 2}
      propertyPath: m_AnchoredPosition.x
      value: 0
      objectReference: {fileID: 0}
    - target: {fileID: 22431228, guid: bbb579a132042c246a5faee0661a5e13, type: 2}
      propertyPath: m_AnchoredPosition.y
      value: 0
      objectReference: {fileID: 0}
    - target: {fileID: 22431228, guid: bbb579a132042c246a5faee0661a5e13, type: 2}
      propertyPath: m_SizeDelta.x
      value: 0
      objectReference: {fileID: 0}
    - target: {fileID: 22431228, guid: bbb579a132042c246a5faee0661a5e13, type: 2}
      propertyPath: m_SizeDelta.y
      value: 0
      objectReference: {fileID: 0}
    - target: {fileID: 22431228, guid: bbb579a132042c246a5faee0661a5e13, type: 2}
      propertyPath: m_AnchorMin.x
      value: 0
      objectReference: {fileID: 0}
    - target: {fileID: 22431228, guid: bbb579a132042c246a5faee0661a5e13, type: 2}
      propertyPath: m_AnchorMin.y
      value: 0
      objectReference: {fileID: 0}
    - target: {fileID: 22431228, guid: bbb579a132042c246a5faee0661a5e13, type: 2}
      propertyPath: m_AnchorMax.x
      value: 0
      objectReference: {fileID: 0}
    - target: {fileID: 22431228, guid: bbb579a132042c246a5faee0661a5e13, type: 2}
      propertyPath: m_AnchorMax.y
      value: 0
      objectReference: {fileID: 0}
    - target: {fileID: 22431228, guid: bbb579a132042c246a5faee0661a5e13, type: 2}
      propertyPath: m_Pivot.x
      value: 0
      objectReference: {fileID: 0}
    - target: {fileID: 22431228, guid: bbb579a132042c246a5faee0661a5e13, type: 2}
      propertyPath: m_Pivot.y
      value: 0
      objectReference: {fileID: 0}
    - target: {fileID: 22453886, guid: bbb579a132042c246a5faee0661a5e13, type: 2}
      propertyPath: m_AnchorMin.y
      value: 1
      objectReference: {fileID: 0}
    - target: {fileID: 22453886, guid: bbb579a132042c246a5faee0661a5e13, type: 2}
      propertyPath: m_AnchorMax.y
      value: 1
      objectReference: {fileID: 0}
    - target: {fileID: 22453886, guid: bbb579a132042c246a5faee0661a5e13, type: 2}
      propertyPath: m_AnchoredPosition.x
      value: 400
      objectReference: {fileID: 0}
    - target: {fileID: 22453886, guid: bbb579a132042c246a5faee0661a5e13, type: 2}
      propertyPath: m_AnchoredPosition.y
      value: -85
      objectReference: {fileID: 0}
    - target: {fileID: 22453886, guid: bbb579a132042c246a5faee0661a5e13, type: 2}
      propertyPath: m_SizeDelta.x
      value: 300
      objectReference: {fileID: 0}
    - target: {fileID: 22453886, guid: bbb579a132042c246a5faee0661a5e13, type: 2}
      propertyPath: m_SizeDelta.y
      value: 90
      objectReference: {fileID: 0}
    - target: {fileID: 22459596, guid: bbb579a132042c246a5faee0661a5e13, type: 2}
      propertyPath: m_AnchorMin.y
      value: 1
      objectReference: {fileID: 0}
    - target: {fileID: 22459596, guid: bbb579a132042c246a5faee0661a5e13, type: 2}
      propertyPath: m_AnchorMax.y
      value: 1
      objectReference: {fileID: 0}
    - target: {fileID: 22459596, guid: bbb579a132042c246a5faee0661a5e13, type: 2}
      propertyPath: m_AnchoredPosition.x
      value: 400
      objectReference: {fileID: 0}
    - target: {fileID: 22459596, guid: bbb579a132042c246a5faee0661a5e13, type: 2}
      propertyPath: m_AnchoredPosition.y
      value: -195
      objectReference: {fileID: 0}
    - target: {fileID: 22459596, guid: bbb579a132042c246a5faee0661a5e13, type: 2}
      propertyPath: m_SizeDelta.x
      value: 300
      objectReference: {fileID: 0}
    - target: {fileID: 22459596, guid: bbb579a132042c246a5faee0661a5e13, type: 2}
      propertyPath: m_SizeDelta.y
      value: 90
      objectReference: {fileID: 0}
    - target: {fileID: 22458798, guid: bbb579a132042c246a5faee0661a5e13, type: 2}
      propertyPath: m_AnchorMin.y
      value: 1
      objectReference: {fileID: 0}
    - target: {fileID: 22458798, guid: bbb579a132042c246a5faee0661a5e13, type: 2}
      propertyPath: m_AnchorMax.y
      value: 1
      objectReference: {fileID: 0}
    - target: {fileID: 22458798, guid: bbb579a132042c246a5faee0661a5e13, type: 2}
      propertyPath: m_AnchoredPosition.x
      value: 400
      objectReference: {fileID: 0}
    - target: {fileID: 22458798, guid: bbb579a132042c246a5faee0661a5e13, type: 2}
      propertyPath: m_AnchoredPosition.y
      value: -305
      objectReference: {fileID: 0}
    - target: {fileID: 22458798, guid: bbb579a132042c246a5faee0661a5e13, type: 2}
      propertyPath: m_SizeDelta.x
      value: 300
      objectReference: {fileID: 0}
    - target: {fileID: 22458798, guid: bbb579a132042c246a5faee0661a5e13, type: 2}
      propertyPath: m_SizeDelta.y
      value: 90
      objectReference: {fileID: 0}
    - target: {fileID: 22450182, guid: bbb579a132042c246a5faee0661a5e13, type: 2}
      propertyPath: m_AnchorMin.y
      value: 1
      objectReference: {fileID: 0}
    - target: {fileID: 22450182, guid: bbb579a132042c246a5faee0661a5e13, type: 2}
      propertyPath: m_AnchorMax.y
      value: 1
      objectReference: {fileID: 0}
    - target: {fileID: 22450182, guid: bbb579a132042c246a5faee0661a5e13, type: 2}
      propertyPath: m_AnchoredPosition.x
      value: 400
      objectReference: {fileID: 0}
    - target: {fileID: 22450182, guid: bbb579a132042c246a5faee0661a5e13, type: 2}
      propertyPath: m_AnchoredPosition.y
      value: -415
      objectReference: {fileID: 0}
    - target: {fileID: 22450182, guid: bbb579a132042c246a5faee0661a5e13, type: 2}
      propertyPath: m_SizeDelta.x
      value: 300
      objectReference: {fileID: 0}
    - target: {fileID: 22450182, guid: bbb579a132042c246a5faee0661a5e13, type: 2}
      propertyPath: m_SizeDelta.y
      value: 90
      objectReference: {fileID: 0}
    - target: {fileID: 22408852, guid: bbb579a132042c246a5faee0661a5e13, type: 2}
      propertyPath: m_AnchorMin.y
      value: 1
      objectReference: {fileID: 0}
    - target: {fileID: 22408852, guid: bbb579a132042c246a5faee0661a5e13, type: 2}
      propertyPath: m_AnchorMax.y
      value: 1
      objectReference: {fileID: 0}
    - target: {fileID: 22408852, guid: bbb579a132042c246a5faee0661a5e13, type: 2}
      propertyPath: m_AnchoredPosition.x
      value: 100
      objectReference: {fileID: 0}
    - target: {fileID: 22408852, guid: bbb579a132042c246a5faee0661a5e13, type: 2}
      propertyPath: m_AnchoredPosition.y
      value: -10
      objectReference: {fileID: 0}
    - target: {fileID: 22408852, guid: bbb579a132042c246a5faee0661a5e13, type: 2}
      propertyPath: m_SizeDelta.x
      value: 91.084335
      objectReference: {fileID: 0}
    - target: {fileID: 22408852, guid: bbb579a132042c246a5faee0661a5e13, type: 2}
      propertyPath: m_SizeDelta.y
      value: 24.39759
      objectReference: {fileID: 0}
    - target: {fileID: 22453666, guid: bbb579a132042c246a5faee0661a5e13, type: 2}
      propertyPath: m_AnchorMin.y
      value: 1
      objectReference: {fileID: 0}
    - target: {fileID: 22453666, guid: bbb579a132042c246a5faee0661a5e13, type: 2}
      propertyPath: m_AnchorMax.y
      value: 1
      objectReference: {fileID: 0}
    - target: {fileID: 22453666, guid: bbb579a132042c246a5faee0661a5e13, type: 2}
      propertyPath: m_AnchoredPosition.x
      value: 100
      objectReference: {fileID: 0}
    - target: {fileID: 22453666, guid: bbb579a132042c246a5faee0661a5e13, type: 2}
      propertyPath: m_AnchoredPosition.y
      value: -39.39759
      objectReference: {fileID: 0}
    - target: {fileID: 22453666, guid: bbb579a132042c246a5faee0661a5e13, type: 2}
      propertyPath: m_SizeDelta.x
      value: 87.83132
      objectReference: {fileID: 0}
    - target: {fileID: 22453666, guid: bbb579a132042c246a5faee0661a5e13, type: 2}
      propertyPath: m_SizeDelta.y
      value: 24.39759
      objectReference: {fileID: 0}
    - target: {fileID: 22406614, guid: bbb579a132042c246a5faee0661a5e13, type: 2}
      propertyPath: m_AnchorMin.y
      value: 1
      objectReference: {fileID: 0}
    - target: {fileID: 22406614, guid: bbb579a132042c246a5faee0661a5e13, type: 2}
      propertyPath: m_AnchorMax.y
      value: 1
      objectReference: {fileID: 0}
    - target: {fileID: 22406614, guid: bbb579a132042c246a5faee0661a5e13, type: 2}
      propertyPath: m_AnchoredPosition.x
      value: 100
      objectReference: {fileID: 0}
    - target: {fileID: 22406614, guid: bbb579a132042c246a5faee0661a5e13, type: 2}
      propertyPath: m_AnchoredPosition.y
      value: -68.79518
      objectReference: {fileID: 0}
    - target: {fileID: 22406614, guid: bbb579a132042c246a5faee0661a5e13, type: 2}
      propertyPath: m_SizeDelta.x
      value: 113.85542
      objectReference: {fileID: 0}
    - target: {fileID: 22406614, guid: bbb579a132042c246a5faee0661a5e13, type: 2}
      propertyPath: m_SizeDelta.y
      value: 24.39759
      objectReference: {fileID: 0}
    - target: {fileID: 22442300, guid: bbb579a132042c246a5faee0661a5e13, type: 2}
      propertyPath: m_AnchorMin.y
      value: 1
      objectReference: {fileID: 0}
    - target: {fileID: 22442300, guid: bbb579a132042c246a5faee0661a5e13, type: 2}
      propertyPath: m_AnchorMax.y
      value: 1
      objectReference: {fileID: 0}
    - target: {fileID: 22442300, guid: bbb579a132042c246a5faee0661a5e13, type: 2}
      propertyPath: m_AnchoredPosition.x
      value: 175
      objectReference: {fileID: 0}
    - target: {fileID: 22442300, guid: bbb579a132042c246a5faee0661a5e13, type: 2}
      propertyPath: m_AnchoredPosition.y
      value: -37.650604
      objectReference: {fileID: 0}
    - target: {fileID: 22442300, guid: bbb579a132042c246a5faee0661a5e13, type: 2}
      propertyPath: m_SizeDelta.x
      value: 330
      objectReference: {fileID: 0}
    - target: {fileID: 22442300, guid: bbb579a132042c246a5faee0661a5e13, type: 2}
      propertyPath: m_SizeDelta.y
      value: 55.301205
      objectReference: {fileID: 0}
    - target: {fileID: 22421906, guid: bbb579a132042c246a5faee0661a5e13, type: 2}
      propertyPath: m_AnchorMin.y
      value: 1
      objectReference: {fileID: 0}
    - target: {fileID: 22421906, guid: bbb579a132042c246a5faee0661a5e13, type: 2}
      propertyPath: m_AnchorMax.y
      value: 1
      objectReference: {fileID: 0}
    - target: {fileID: 22421906, guid: bbb579a132042c246a5faee0661a5e13, type: 2}
      propertyPath: m_AnchoredPosition.x
      value: 175
      objectReference: {fileID: 0}
    - target: {fileID: 22421906, guid: bbb579a132042c246a5faee0661a5e13, type: 2}
      propertyPath: m_AnchoredPosition.y
      value: -89.12651
      objectReference: {fileID: 0}
    - target: {fileID: 22421906, guid: bbb579a132042c246a5faee0661a5e13, type: 2}
      propertyPath: m_SizeDelta.x
      value: 330
      objectReference: {fileID: 0}
    - target: {fileID: 22421906, guid: bbb579a132042c246a5faee0661a5e13, type: 2}
      propertyPath: m_SizeDelta.y
      value: 27.650602
      objectReference: {fileID: 0}
    - target: {fileID: 22417808, guid: bbb579a132042c246a5faee0661a5e13, type: 2}
      propertyPath: m_AnchorMin.y
      value: 1
      objectReference: {fileID: 0}
    - target: {fileID: 22417808, guid: bbb579a132042c246a5faee0661a5e13, type: 2}
      propertyPath: m_AnchorMax.y
      value: 1
      objectReference: {fileID: 0}
    - target: {fileID: 22417808, guid: bbb579a132042c246a5faee0661a5e13, type: 2}
      propertyPath: m_AnchoredPosition.x
      value: 175
      objectReference: {fileID: 0}
    - target: {fileID: 22417808, guid: bbb579a132042c246a5faee0661a5e13, type: 2}
      propertyPath: m_AnchoredPosition.y
      value: -154.42772
      objectReference: {fileID: 0}
    - target: {fileID: 22417808, guid: bbb579a132042c246a5faee0661a5e13, type: 2}
      propertyPath: m_SizeDelta.x
      value: 330
      objectReference: {fileID: 0}
    - target: {fileID: 22417808, guid: bbb579a132042c246a5faee0661a5e13, type: 2}
      propertyPath: m_SizeDelta.y
      value: 82.951805
      objectReference: {fileID: 0}
    - target: {fileID: 22422246, guid: bbb579a132042c246a5faee0661a5e13, type: 2}
      propertyPath: m_AnchorMin.y
      value: 1
      objectReference: {fileID: 0}
    - target: {fileID: 22422246, guid: bbb579a132042c246a5faee0661a5e13, type: 2}
      propertyPath: m_AnchorMax.y
      value: 1
      objectReference: {fileID: 0}
    - target: {fileID: 22422246, guid: bbb579a132042c246a5faee0661a5e13, type: 2}
      propertyPath: m_AnchoredPosition.x
      value: 175
      objectReference: {fileID: 0}
    - target: {fileID: 22422246, guid: bbb579a132042c246a5faee0661a5e13, type: 2}
      propertyPath: m_AnchoredPosition.y
      value: -219.72893
      objectReference: {fileID: 0}
    - target: {fileID: 22422246, guid: bbb579a132042c246a5faee0661a5e13, type: 2}
      propertyPath: m_SizeDelta.x
      value: 330
      objectReference: {fileID: 0}
    - target: {fileID: 22422246, guid: bbb579a132042c246a5faee0661a5e13, type: 2}
      propertyPath: m_SizeDelta.y
      value: 27.650602
      objectReference: {fileID: 0}
    - target: {fileID: 22475154, guid: bbb579a132042c246a5faee0661a5e13, type: 2}
      propertyPath: m_AnchorMin.y
      value: 1
      objectReference: {fileID: 0}
    - target: {fileID: 22475154, guid: bbb579a132042c246a5faee0661a5e13, type: 2}
      propertyPath: m_AnchorMax.y
      value: 1
      objectReference: {fileID: 0}
    - target: {fileID: 22475154, guid: bbb579a132042c246a5faee0661a5e13, type: 2}
      propertyPath: m_AnchoredPosition.x
      value: 175
      objectReference: {fileID: 0}
    - target: {fileID: 22475154, guid: bbb579a132042c246a5faee0661a5e13, type: 2}
      propertyPath: m_AnchoredPosition.y
      value: -257.37952
      objectReference: {fileID: 0}
    - target: {fileID: 22475154, guid: bbb579a132042c246a5faee0661a5e13, type: 2}
      propertyPath: m_SizeDelta.x
      value: 330
      objectReference: {fileID: 0}
    - target: {fileID: 22475154, guid: bbb579a132042c246a5faee0661a5e13, type: 2}
      propertyPath: m_SizeDelta.y
      value: 27.650602
      objectReference: {fileID: 0}
    m_RemovedComponents: []
  m_ParentPrefab: {fileID: 100100000, guid: bbb579a132042c246a5faee0661a5e13, type: 2}
  m_IsPrefabParent: 0
--- !u!1001 &445642832
Prefab:
  m_ObjectHideFlags: 0
  serializedVersion: 2
  m_Modification:
    m_TransformParent: {fileID: 0}
    m_Modifications:
    - target: {fileID: 420158, guid: b2bb2fdc8071f5446aa6f16492152ea9, type: 2}
      propertyPath: m_LocalPosition.x
      value: 0
      objectReference: {fileID: 0}
    - target: {fileID: 420158, guid: b2bb2fdc8071f5446aa6f16492152ea9, type: 2}
      propertyPath: m_LocalPosition.y
      value: 0
      objectReference: {fileID: 0}
    - target: {fileID: 420158, guid: b2bb2fdc8071f5446aa6f16492152ea9, type: 2}
      propertyPath: m_LocalPosition.z
      value: 0
      objectReference: {fileID: 0}
    - target: {fileID: 420158, guid: b2bb2fdc8071f5446aa6f16492152ea9, type: 2}
      propertyPath: m_LocalRotation.x
      value: 0
      objectReference: {fileID: 0}
    - target: {fileID: 420158, guid: b2bb2fdc8071f5446aa6f16492152ea9, type: 2}
      propertyPath: m_LocalRotation.y
      value: 0
      objectReference: {fileID: 0}
    - target: {fileID: 420158, guid: b2bb2fdc8071f5446aa6f16492152ea9, type: 2}
      propertyPath: m_LocalRotation.z
      value: 0
      objectReference: {fileID: 0}
    - target: {fileID: 420158, guid: b2bb2fdc8071f5446aa6f16492152ea9, type: 2}
      propertyPath: m_LocalRotation.w
      value: 1
      objectReference: {fileID: 0}
    - target: {fileID: 420158, guid: b2bb2fdc8071f5446aa6f16492152ea9, type: 2}
      propertyPath: m_RootOrder
      value: 2
      objectReference: {fileID: 0}
    - target: {fileID: 11408026, guid: b2bb2fdc8071f5446aa6f16492152ea9, type: 2}
      propertyPath: sheepSpawner
      value: 
      objectReference: {fileID: 1142899578}
    - target: {fileID: 11408026, guid: b2bb2fdc8071f5446aa6f16492152ea9, type: 2}
      propertyPath: workSceneToDeactivate
      value: 
      objectReference: {fileID: 149155262}
    - target: {fileID: 11408026, guid: b2bb2fdc8071f5446aa6f16492152ea9, type: 2}
      propertyPath: guiManager
      value: 
      objectReference: {fileID: 1230791531}
    - target: {fileID: 11408026, guid: b2bb2fdc8071f5446aa6f16492152ea9, type: 2}
      propertyPath: guyOneCamera
      value: 
      objectReference: {fileID: 1567997183}
    - target: {fileID: 11408026, guid: b2bb2fdc8071f5446aa6f16492152ea9, type: 2}
      propertyPath: guyTwoCamera
      value: 
      objectReference: {fileID: 1687964198}
    - target: {fileID: 11408026, guid: b2bb2fdc8071f5446aa6f16492152ea9, type: 2}
      propertyPath: nextLevelName
      value: Level 3
      objectReference: {fileID: 0}
    - target: {fileID: 11408026, guid: b2bb2fdc8071f5446aa6f16492152ea9, type: 2}
      propertyPath: rockPrefab
      value: 
      objectReference: {fileID: 11418002, guid: 27c95f732b9b6ab46ba64dc4d317f560,
        type: 2}
    m_RemovedComponents: []
  m_ParentPrefab: {fileID: 100100000, guid: b2bb2fdc8071f5446aa6f16492152ea9, type: 2}
  m_IsPrefabParent: 0
--- !u!1 &451084749
GameObject:
  m_ObjectHideFlags: 0
  m_PrefabParentObject: {fileID: 0}
  m_PrefabInternal: {fileID: 0}
  serializedVersion: 4
  m_Component:
  - 4: {fileID: 451084751}
  - 108: {fileID: 451084750}
  m_Layer: 0
  m_Name: Directional Light (1)
  m_TagString: Untagged
  m_Icon: {fileID: 0}
  m_NavMeshLayer: 0
  m_StaticEditorFlags: 0
  m_IsActive: 1
--- !u!108 &451084750
Light:
  m_ObjectHideFlags: 0
  m_PrefabParentObject: {fileID: 0}
  m_PrefabInternal: {fileID: 0}
  m_GameObject: {fileID: 451084749}
  m_Enabled: 1
  serializedVersion: 6
  m_Type: 1
  m_Color: {r: 1, g: 0.95686275, b: 0.8392157, a: 1}
  m_Intensity: 1
  m_Range: 10
  m_SpotAngle: 30
  m_CookieSize: 10
  m_Shadows:
    m_Type: 2
    m_Resolution: -1
    m_Strength: 1
    m_Bias: 0.05
    m_NormalBias: 0.4
    m_NearPlane: 0.2
  m_Cookie: {fileID: 0}
  m_DrawHalo: 0
  m_Flare: {fileID: 0}
  m_RenderMode: 0
  m_CullingMask:
    serializedVersion: 2
    m_Bits: 4294967295
  m_Lightmapping: 4
  m_BounceIntensity: 1
  m_ShadowRadius: 0
  m_ShadowAngle: 0
  m_AreaSize: {x: 1, y: 1}
--- !u!4 &451084751
Transform:
  m_ObjectHideFlags: 0
  m_PrefabParentObject: {fileID: 0}
  m_PrefabInternal: {fileID: 0}
  m_GameObject: {fileID: 451084749}
  m_LocalRotation: {x: -0.44450545, y: -0.74061525, z: 0.4960376, w: 0.088604}
  m_LocalPosition: {x: 0, y: 3, z: 0}
  m_LocalScale: {x: 1, y: 1, z: 1}
  m_LocalEulerAnglesHint: {x: 0, y: 0, z: 0}
  m_Children: []
  m_Father: {fileID: 0}
  m_RootOrder: 5
--- !u!4 &838068118 stripped
Transform:
  m_PrefabParentObject: {fileID: 453710, guid: a1b087229eb39d04db65caa4a23eb44d, type: 2}
  m_PrefabInternal: {fileID: 2001343374}
--- !u!1001 &1104765951
Prefab:
  m_ObjectHideFlags: 0
  serializedVersion: 2
  m_Modification:
    m_TransformParent: {fileID: 0}
    m_Modifications:
    - target: {fileID: 495812, guid: e7a9d6d838f784d4fa0a553608e9bd1b, type: 2}
      propertyPath: m_LocalPosition.x
      value: 1.59
      objectReference: {fileID: 0}
    - target: {fileID: 495812, guid: e7a9d6d838f784d4fa0a553608e9bd1b, type: 2}
      propertyPath: m_LocalPosition.y
      value: 31.44
      objectReference: {fileID: 0}
    - target: {fileID: 495812, guid: e7a9d6d838f784d4fa0a553608e9bd1b, type: 2}
      propertyPath: m_LocalPosition.z
      value: -40
      objectReference: {fileID: 0}
    - target: {fileID: 495812, guid: e7a9d6d838f784d4fa0a553608e9bd1b, type: 2}
      propertyPath: m_LocalRotation.x
      value: 0
      objectReference: {fileID: 0}
    - target: {fileID: 495812, guid: e7a9d6d838f784d4fa0a553608e9bd1b, type: 2}
      propertyPath: m_LocalRotation.y
      value: 0
      objectReference: {fileID: 0}
    - target: {fileID: 495812, guid: e7a9d6d838f784d4fa0a553608e9bd1b, type: 2}
      propertyPath: m_LocalRotation.z
      value: 0
      objectReference: {fileID: 0}
    - target: {fileID: 495812, guid: e7a9d6d838f784d4fa0a553608e9bd1b, type: 2}
      propertyPath: m_LocalRotation.w
      value: 1
      objectReference: {fileID: 0}
    - target: {fileID: 495812, guid: e7a9d6d838f784d4fa0a553608e9bd1b, type: 2}
      propertyPath: m_RootOrder
      value: 5
      objectReference: {fileID: 0}
    - target: {fileID: 11433092, guid: e7a9d6d838f784d4fa0a553608e9bd1b, type: 2}
      propertyPath: target
      value: 
      objectReference: {fileID: 838068118}
    - target: {fileID: 11493332, guid: e7a9d6d838f784d4fa0a553608e9bd1b, type: 2}
      propertyPath: target
      value: 
      objectReference: {fileID: 838068118}
    - target: {fileID: 11451828, guid: e7a9d6d838f784d4fa0a553608e9bd1b, type: 2}
      propertyPath: target
      value: 
      objectReference: {fileID: 838068118}
    m_RemovedComponents: []
  m_ParentPrefab: {fileID: 100100000, guid: e7a9d6d838f784d4fa0a553608e9bd1b, type: 2}
  m_IsPrefabParent: 0
--- !u!114 &1142899578 stripped
MonoBehaviour:
  m_PrefabParentObject: {fileID: 11446890, guid: 2882f3f5473d77e40b74cdcc17f4c60c,
    type: 2}
  m_PrefabInternal: {fileID: 1877578029}
  m_Script: {fileID: 11500000, guid: cebae432a0a86f24b853d0442639d5c6, type: 3}
--- !u!114 &1230791531 stripped
MonoBehaviour:
  m_PrefabParentObject: {fileID: 11412840, guid: bbb579a132042c246a5faee0661a5e13,
    type: 2}
  m_PrefabInternal: {fileID: 224223418}
  m_Script: {fileID: 11500000, guid: 90d581b3556e1fa43bfd0e78363cc070, type: 3}
--- !u!20 &1567997183 stripped
Camera:
  m_PrefabParentObject: {fileID: 2052524, guid: a1b087229eb39d04db65caa4a23eb44d,
    type: 2}
  m_PrefabInternal: {fileID: 2001343374}
--- !u!20 &1687964198 stripped
Camera:
  m_PrefabParentObject: {fileID: 2011058, guid: e7a9d6d838f784d4fa0a553608e9bd1b,
    type: 2}
  m_PrefabInternal: {fileID: 1104765951}
--- !u!1001 &1877578029
Prefab:
  m_ObjectHideFlags: 0
  serializedVersion: 2
  m_Modification:
    m_TransformParent: {fileID: 0}
    m_Modifications:
    - target: {fileID: 421238, guid: 2882f3f5473d77e40b74cdcc17f4c60c, type: 2}
      propertyPath: m_LocalPosition.x
      value: 84
      objectReference: {fileID: 0}
    - target: {fileID: 421238, guid: 2882f3f5473d77e40b74cdcc17f4c60c, type: 2}
      propertyPath: m_LocalPosition.y
      value: 17.3
      objectReference: {fileID: 0}
    - target: {fileID: 421238, guid: 2882f3f5473d77e40b74cdcc17f4c60c, type: 2}
      propertyPath: m_LocalPosition.z
      value: 9.4
      objectReference: {fileID: 0}
    - target: {fileID: 421238, guid: 2882f3f5473d77e40b74cdcc17f4c60c, type: 2}
      propertyPath: m_LocalRotation.x
      value: 0
      objectReference: {fileID: 0}
    - target: {fileID: 421238, guid: 2882f3f5473d77e40b74cdcc17f4c60c, type: 2}
      propertyPath: m_LocalRotation.y
      value: 0.7071066
      objectReference: {fileID: 0}
    - target: {fileID: 421238, guid: 2882f3f5473d77e40b74cdcc17f4c60c, type: 2}
      propertyPath: m_LocalRotation.z
      value: 0
      objectReference: {fileID: 0}
    - target: {fileID: 421238, guid: 2882f3f5473d77e40b74cdcc17f4c60c, type: 2}
      propertyPath: m_LocalRotation.w
      value: -0.70710695
      objectReference: {fileID: 0}
    - target: {fileID: 421238, guid: 2882f3f5473d77e40b74cdcc17f4c60c, type: 2}
      propertyPath: m_RootOrder
      value: 11
      objectReference: {fileID: 0}
    - target: {fileID: 11446890, guid: 2882f3f5473d77e40b74cdcc17f4c60c, type: 2}
      propertyPath: sheepCount
      value: 64
      objectReference: {fileID: 0}
    - target: {fileID: 11446890, guid: 2882f3f5473d77e40b74cdcc17f4c60c, type: 2}
      propertyPath: angleRange
      value: 60
      objectReference: {fileID: 0}
    - target: {fileID: 11446890, guid: 2882f3f5473d77e40b74cdcc17f4c60c, type: 2}
      propertyPath: minimumSpeed
      value: 1000
      objectReference: {fileID: 0}
    - target: {fileID: 11446890, guid: 2882f3f5473d77e40b74cdcc17f4c60c, type: 2}
      propertyPath: maximumSpeed
      value: 2500
      objectReference: {fileID: 0}
    - target: {fileID: 421238, guid: 2882f3f5473d77e40b74cdcc17f4c60c, type: 2}
      propertyPath: m_LocalEulerAnglesHint.y
      value: 270
      objectReference: {fileID: 0}
    m_RemovedComponents: []
  m_ParentPrefab: {fileID: 100100000, guid: 2882f3f5473d77e40b74cdcc17f4c60c, type: 2}
  m_IsPrefabParent: 0
--- !u!1001 &2001343374
Prefab:
  m_ObjectHideFlags: 0
  serializedVersion: 2
  m_Modification:
    m_TransformParent: {fileID: 0}
    m_Modifications:
    - target: {fileID: 453710, guid: a1b087229eb39d04db65caa4a23eb44d, type: 2}
      propertyPath: m_LocalPosition.x
      value: 0
      objectReference: {fileID: 0}
    - target: {fileID: 453710, guid: a1b087229eb39d04db65caa4a23eb44d, type: 2}
      propertyPath: m_LocalPosition.y
      value: 1.35
      objectReference: {fileID: 0}
    - target: {fileID: 453710, guid: a1b087229eb39d04db65caa4a23eb44d, type: 2}
      propertyPath: m_LocalPosition.z
      value: 40
      objectReference: {fileID: 0}
    - target: {fileID: 453710, guid: a1b087229eb39d04db65caa4a23eb44d, type: 2}
      propertyPath: m_LocalRotation.x
      value: 0
      objectReference: {fileID: 0}
    - target: {fileID: 453710, guid: a1b087229eb39d04db65caa4a23eb44d, type: 2}
      propertyPath: m_LocalRotation.y
      value: 1
      objectReference: {fileID: 0}
    - target: {fileID: 453710, guid: a1b087229eb39d04db65caa4a23eb44d, type: 2}
      propertyPath: m_LocalRotation.z
      value: 0
      objectReference: {fileID: 0}
    - target: {fileID: 453710, guid: a1b087229eb39d04db65caa4a23eb44d, type: 2}
      propertyPath: m_LocalRotation.w
      value: -0.00000016292068
      objectReference: {fileID: 0}
    - target: {fileID: 453710, guid: a1b087229eb39d04db65caa4a23eb44d, type: 2}
      propertyPath: m_RootOrder
      value: 9
      objectReference: {fileID: 0}
    m_RemovedComponents: []
  m_ParentPrefab: {fileID: 100100000, guid: a1b087229eb39d04db65caa4a23eb44d, type: 2}
  m_IsPrefabParent: 0
